@article{hybrid,
	author = "Koren, Yehuda",
	title = "Factorization Meets the Neighborhood: a Multifaceted Collaborative Filtering Model",
	journal = "Proceedings of the 14th ACM SIGKDD International Conference on Knowledge Discovery and Data Mining",
	pages = "426-434",
	year = "2008"
}

@article{lenskitmodule,
    author = "Ekstrand, Michael D.",
    title = "LensKit for Python: Next-Generation Software for Recommender Systems Experiments",
    journal = "The 29th ACM International Conference on Information and Knowledge Management",
    pages = "2999–3006",
    DOI = "https://doi.org/10.1145/3340531.3412778",
    year = "2020"
}

@article{lenskitdata,
author = {Vig, Jesse and Sen, Shilad and Riedl, John},
title = {The Tag Genome: Encoding Community Knowledge to Support Novel Interaction},
year = {2012},
publisher = {Association for Computing Machinery},
volume = {2},
number = {3},
doi = {10.1145/2362394.2362395},
journal = {ACM Trans. Interact. Intell. Syst.},
articleno = {13}
}

@article{netflix,
    author = "Bell, Robert M. and Koren, Yehuda and Volinsky, Chris",
    title = "The BellKor 2008 Solution to the Netflix Prize",
    year = "2008"
}

@ARTICLE{recsys,
  author={Adomavicius, G. and Tuzhilin, A.},
  journal={IEEE Transactions on Knowledge and Data Engineering}, 
  title={Toward the next generation of recommender systems: a survey of the state-of-the-art and possible extensions}, 
  year={2005},
  volume={17},
  number={6},
  pages={734-749},
  doi={10.1109/TKDE.2005.99}
 }
 
@article{cf,
    author = {Goldberg, David and Nichols, David and Oki, Brian M. and Terry, Douglas},
    title = {Using Collaborative Filtering to Weave an Information Tapestry},
    year = {1992},
    issue_date = {Dec. 1992},
    publisher = {Association for Computing Machinery},
    address = {New York, NY, USA},
    volume = {35},
    number = {12},
    issn = {0001-0782},
    url = {https://doi.org/10.1145/138859.138867},
    doi = {10.1145/138859.138867},
    journal = {Commun. ACM},
    month = dec,
    pages = {61–70},
    numpages = {10},
    keywords = {information filtering, tapestry}
}

@inbook{nmfratings,
author = {Sheng Zhang and Weihong Wang and James Ford and Fillia Makedon},
title = {Learning from Incomplete Ratings Using Non-negative Matrix Factorization},
booktitle = {Proceedings of the 2006 SIAM International Conference on Data Mining (SDM)},
chapter = {},
pages = {549-553},
doi = {10.1137/1.9781611972764.58}
}

@article{cfcompare,
author = {Lee, Joonseok and Sun, Mingxuan and Lebanon, Guy},
year = {2012},
month = {05},
pages = {},
title = {A Comparative Study of Collaborative Filtering Algorithms}
}

@article{tags,
author = {Scott A. Golder and Bernardo A. Huberman},
title ={Usage patterns of collaborative tagging systems},
journal = {Journal of Information Science},
volume = {32},
number = {2},
pages = {198-208},
year = {2006},
doi = {10.1177/0165551506062337}
}